[gd_scene load_steps=2 format=2]

[ext_resource path="res://PixelEffect/PathFrames.tres" type="SpriteFrames" id=1]

[node name="Nine" type="Control"]
anchor_right = 1.0
anchor_bottom = 1.0

[node name="Panel" type="PanelContainer" parent="."]
anchor_left = 0.5
anchor_top = 0.5
anchor_right = 0.5
anchor_bottom = 0.5
margin_left = -256.0
margin_top = -256.0
margin_right = 256.0
margin_bottom = 256.0

[node name="Center" type="CenterContainer" parent="Panel"]
margin_left = 7.0
margin_top = 7.0
margin_right = 505.0
margin_bottom = 505.0

[node name="Control" type="Control" parent="Panel/Center"]
margin_left = 249.0
margin_top = 249.0
margin_right = 249.0
margin_bottom = 249.0

[node name="Path" type="Node2D" parent="Panel/Center/Control"]
scale = Vector2( 10, 10 )

[node name="Path0" type="AnimatedSprite" parent="Panel/Center/Control/Path"]
modulate = Color( 0.74902, 0.247059, 0.247059, 1 )
position = Vector2( -24, -24 )
frames = ExtResource( 1 )
frame = 2
playing = true
centered = false
flip_h = true

[node name="Path1" type="AnimatedSprite" parent="Panel/Center/Control/Path"]
modulate = Color( 0.74902, 0.247059, 0.247059, 1 )
position = Vector2( -8, -24 )
frames = ExtResource( 1 )
frame = 2
playing = true
centered = false
flip_h = true

[node name="Path2" type="AnimatedSprite" parent="Panel/Center/Control/Path"]
modulate = Color( 0.74902, 0.247059, 0.247059, 1 )
position = Vector2( 8, -24 )
frames = ExtResource( 1 )
frame = 2
playing = true
centered = false
flip_h = true

[node name="Path3" type="AnimatedSprite" parent="Panel/Center/Control/Path"]
modulate = Color( 0.247059, 0.74902, 0.247059, 1 )
position = Vector2( -24, -8 )
frames = ExtResource( 1 )
frame = 2
playing = true
centered = false

[node name="Path4" type="AnimatedSprite" parent="Panel/Center/Control/Path"]
modulate = Color( 0.247059, 0.74902, 0.247059, 1 )
position = Vector2( -8, -8 )
frames = ExtResource( 1 )
frame = 2
playing = true
centered = false

[node name="Path5" type="AnimatedSprite" parent="Panel/Center/Control/Path"]
modulate = Color( 0.247059, 0.74902, 0.247059, 1 )
position = Vector2( 8, -8 )
frames = ExtResource( 1 )
frame = 2
playing = true
centered = false

[node name="Path6" type="AnimatedSprite" parent="Panel/Center/Control/Path"]
modulate = Color( 0.247059, 0.247059, 0.74902, 1 )
position = Vector2( -24, 8 )
frames = ExtResource( 1 )
frame = 2
playing = true
centered = false
flip_h = true

[node name="Path7" type="AnimatedSprite" parent="Panel/Center/Control/Path"]
modulate = Color( 0.247059, 0.247059, 0.74902, 1 )
position = Vector2( -8, 8 )
frames = ExtResource( 1 )
frame = 2
playing = true
centered = false
flip_h = true

[node name="Path8" type="AnimatedSprite" parent="Panel/Center/Control/Path"]
modulate = Color( 0.247059, 0.247059, 0.74902, 1 )
position = Vector2( 8, 8 )
frames = ExtResource( 1 )
frame = 2
playing = true
centered = false
flip_h = true
